<record xmlns="http://www.loc.gov/MARC21/slim" xmlns:xsi="http://www.w3.org/2001/XMLSchema-instance" xsi:schemaLocation="http://www.loc.gov/MARC21/slim http://www.loc.gov/standards/marcxml/schema/MARC21slim.xsd"><leader>00383cz   2200133n  4500</leader><controlfield tag="001">oca03363945 </controlfield><controlfield tag="005">19930503091334.3</controlfield><controlfield tag="008">930430n| acannaab|          |a aaa |||  </controlfield><datafield ind1=" " ind2=" " tag="010"><subfield code="a">n  93040321 </subfield></datafield><datafield ind1=" " ind2=" " tag="040"><subfield code="a">DLC</subfield><subfield code="c">DLC</subfield><subfield code="d">DLC</subfield></datafield><datafield ind1="0" ind2=" " tag="100"><subfield code="a">Asclepiodotus</subfield></datafield><datafield ind1="0" ind2=" " tag="400"><subfield code="a">AscleÌ&#x81;piodote</subfield></datafield><datafield ind1=" " ind2=" " tag="670"><subfield code="a">His TraiteÌ&#x81; de tactique, 1992:</subfield><subfield code="b">t.p. (AscleÌ&#x81;piodote)</subfield></datafield><datafield ind1=" " ind2=" " tag="670"><subfield code="a">LC manual auth. cd.</subfield><subfield code="b">(hdg.: Asclepiodotus)</subfield></datafield></record>